@article{article,
author = {Addo, Peter and Guegan, Dominique and Hassani, Bertrand},
year = {2018},
month = {04},
pages = {38},
title = {Credit Risk Analysis Using Machine and Deep Learning Models},
volume = {6},
journal = {Risks},
doi = {10.3390/risks6020038}
}
@misc{provenzano2020machine,
      title={Machine Learning approach for Credit Scoring}, 
      author={A. R. Provenzano and D. Trifir√≤ and A. Datteo and L. Giada and N. Jean and A. Riciputi and G. Le Pera and M. Spadaccino and L. Massaron and C. Nordio},
      year={2020},
      eprint={2008.01687},
      archivePrefix={arXiv},
      primaryClass={q-fin.ST}
}
@article{gcr,
author = {Thanawala, Dhruv},
year = {2019},
month = {01},
pages = {},
title = {CREDIT RISK ANALYSIS USING MACHINE LEARNING AND NEURAL NETWORKS}
}
@article{bias,
author = {Hassani, Bertrand},
year = {2020},
month = {12},
pages = {1-9},
title = {Societal bias reinforcement through machine learning: a credit scoring perspective},
journal = {AI and Ethics},
doi = {10.1007/s43681-020-00026-z}
}
@article{main,
  author          = {Michael Feldman},
  title           = {Computational Fairness: Preventing Machine-Learned Discrimination},
  year            = {2015}
}