@article{DBLP:journals/corr/HuangZLH17,
  author    = {Rui Huang and
               Shu Zhang and
               Tianyu Li and
               Ran He},
  title     = {Beyond Face Rotation: Global and Local Perception {GAN} for Photorealistic
               and Identity Preserving Frontal View Synthesis},
  journal   = {CoRR},
  volume    = {abs/1704.04086},
  year      = {2017},
  url       = {http://arxiv.org/abs/1704.04086},
  archivePrefix = {arXiv},
  eprint    = {1704.04086},
  timestamp = {Mon, 13 Aug 2018 16:48:20 +0200},
  biburl    = {https://dblp.org/rec/journals/corr/HuangZLH17.bib},
  bibsource = {dblp computer science bibliography, https://dblp.org}
}
@article{DBLP:journals/corr/ZhuPIE17,
  author    = {Jun{-}Yan Zhu and
               Taesung Park and
               Phillip Isola and
               Alexei A. Efros},
  title     = {Unpaired Image-to-Image Translation using Cycle-Consistent Adversarial
               Networks},
  journal   = {CoRR},
  volume    = {abs/1703.10593},
  year      = {2017},
  url       = {http://arxiv.org/abs/1703.10593},
  archivePrefix = {arXiv},
  eprint    = {1703.10593},
  timestamp = {Mon, 13 Aug 2018 16:48:06 +0200},
  biburl    = {https://dblp.org/rec/journals/corr/ZhuPIE17.bib},
  bibsource = {dblp computer science bibliography, https://dblp.org}
}
@misc{chouldechova2016fair,
      title={Fair prediction with disparate impact: A study of bias in recidivism prediction instruments}, 
      author={Alexandra Chouldechova},
      year={2016},
      eprint={1610.07524},
      archivePrefix={arXiv},
      primaryClass={stat.AP}
}
@misc{feldman2015certifying,
      title={Certifying and removing disparate impact}, 
      author={Michael Feldman and Sorelle Friedler and John Moeller and Carlos Scheidegger and Suresh Venkatasubramanian},
      year={2015},
      eprint={1412.3756},
      archivePrefix={arXiv},
      primaryClass={stat.ML}
}
@misc{friedler2018comparative,
      title={A comparative study of fairness-enhancing interventions in machine learning}, 
      author={Sorelle A. Friedler and Carlos Scheidegger and Suresh Venkatasubramanian and Sonam Choudhary and Evan P. Hamilton and Derek Roth},
      year={2018},
      eprint={1802.04422},
      archivePrefix={arXiv},
      primaryClass={stat.ML}
}
@article{DBLP:journals/corr/abs-1805-11202,
  author    = {Depeng Xu and
               Shuhan Yuan and
               Lu Zhang and
               Xintao Wu},
  title     = {FairGAN: Fairness-aware Generative Adversarial Networks},
  journal   = {CoRR},
  volume    = {abs/1805.11202},
  year      = {2018},
  url       = {http://arxiv.org/abs/1805.11202},
  archivePrefix = {arXiv},
  eprint    = {1805.11202},
  timestamp = {Wed, 27 Feb 2019 14:10:50 +0100},
  biburl    = {https://dblp.org/rec/journals/corr/abs-1805-11202.bib},
  bibsource = {dblp computer science bibliography, https://dblp.org}
}